@article{example2023,
  title={Example Paper Title},
  author={Author, A. and Another, B.},
  journal={Journal of Example Research},
  volume={1},
  number={1},
  pages={1--10},
  year={2023},
  publisher={Example Publisher}
}

@book{textbook2022,
  title={Deep Learning for Finance},
  author={Finance, Expert},
  publisher={Academic Press},
  year={2022}
}

@article{buehler2019deep,
  title={Deep hedging},
  author={B{\"u}hler, Hans and Gonon, Lukas and Teichmann, Josef and Wood, Ben},
  journal={Quantitative Finance},
  volume={19},
  number={8},
  pages={1271--1291},
  year={2019},
  publisher={Taylor \& Francis}
}

@article{imaki2021no,
  title={No-transaction band network: A neural network architecture for efficient deep hedging},
  author={Imaki, Masanori and Nakagawa, Kei and Uchida, Yusuke},
  journal={Journal of Computational Finance},
  volume={25},
  number={4},
  pages={1--31},
  year={2021}
}

@article{schulman2017proximal,
  title={Proximal policy optimization algorithms},
  author={Schulman, John and Wolski, Filip and Dhariwal, Prafulla and Radford, Alec and Klimov, Oleg},
  journal={arXiv preprint arXiv:1707.06347},
  year={2017}
}

@article{black1973pricing,
  title={The pricing of options and corporate liabilities},
  author={Black, Fischer and Scholes, Myron},
  journal={Journal of Political Economy},
  volume={81},
  number={3},
  pages={637--654},
  year={1973},
  publisher={University of Chicago Press}
}

@article{whalley1997optimal,
  title={An asymptotic analysis of an optimal hedging model for option pricing with transaction costs},
  author={Whalley, A Elizabeth and Wilmott, Paul},
  journal={Mathematical Finance},
  volume={7},
  number={3},
  pages={307--324},
  year={1997},
  publisher={Wiley Online Library}
} 